<record><leader>00000cas a22000007a 4500</leader><controlfield tag="001">8810432</controlfield><controlfield tag="008">820927d18561861iauwr ne      0    0eng  </controlfield><controlfield tag="009">466</controlfield><datafield ind1=" " ind2=" " tag="010"><subfield code="a">sn 82015776 </subfield></datafield><datafield ind1=" " ind2=" " tag="040"><subfield code="a">DLC</subfield><subfield code="b">eng</subfield><subfield code="c">DLC</subfield><subfield code="d">INP</subfield><subfield code="d">NPH</subfield><subfield code="d">INP</subfield><subfield code="d">DLC</subfield><subfield code="d">INP</subfield></datafield><datafield ind1="1" ind2=" " tag="029"><subfield code="a">AU@</subfield><subfield code="b">000025833864</subfield></datafield><datafield ind1=" " ind2=" " tag="042"><subfield code="a">msc</subfield></datafield><datafield ind1="0" ind2="0" tag="050"><subfield code="a">Newspaper 7768-X</subfield></datafield><datafield ind1="0" ind2="0" tag="245"><subfield code="a">Fort Dodge sentinel.</subfield></datafield><datafield ind1="0" ind2="0" tag="246"><subfield code="a">Fort Dodge frontier sentinel</subfield></datafield><datafield ind1="0" ind2="3" tag="246"><subfield code="a">Sentinel</subfield><subfield code="f">&lt;Aug. 1, 1856-Nov. 12, 1857&gt; ; &lt;Sept. 15-Sept. 29, 1860&gt;</subfield></datafield><datafield ind1=" " ind2=" " tag="260"><subfield code="a">Fort Dodge, Iowa :</subfield><subfield code="b">A.S. White,</subfield><subfield code="c">1856-</subfield></datafield><datafield ind1=" " ind2=" " tag="300"><subfield code="a">v. :</subfield><subfield code="b">ill. ;</subfield><subfield code="c">55-69 cm.</subfield></datafield><datafield ind1=" " ind2=" " tag="310"><subfield code="a">Weekly</subfield></datafield><datafield ind1="0" ind2=" " tag="362"><subfield code="a">Vol. 1, no. 1 (July 31, 1856)-</subfield></datafield><datafield ind1="1" ind2=" " tag="362"><subfield code="a">Ceased in 1861.</subfield></datafield><datafield ind1=" " ind2=" " tag="500"><subfield code="a">Published as: Fort Dodge frontier sentinel, &lt;Dec. 31, 1859-Feb. 18, 1860&gt;.</subfield></datafield><datafield ind1=" " ind2=" " tag="500"><subfield code="a">Publisher varies.</subfield></datafield><datafield ind1=" " ind2=" " tag="500"><subfield code="a">Published every Thursday morning.</subfield></datafield><datafield ind1=" " ind2=" " tag="500"><subfield code="a">"A paper for the family fireside; devoted to moral, intellectual and social improvement, and the dissemination of correct political principles."</subfield></datafield><datafield ind1=" " ind2=" " tag="515"><subfield code="a">Vol. 2, no. 14-   also called whole no. 66-   .</subfield></datafield><datafield ind1=" " ind2=" " tag="752"><subfield code="a">United States</subfield><subfield code="b">Iowa</subfield><subfield code="c">Webster</subfield><subfield code="d">Fort Dodge.</subfield></datafield><datafield ind1="0" ind2="4" tag="785"><subfield code="t">Fort Dodge Republican</subfield><subfield code="w">(DLC)sn 84038168</subfield></datafield></record>